% Your references go here
% Format your references using BibTeX entries
% Example:
%
% @article{einstein1905special,
%   title={On the electrodynamics of moving bodies},
%   author={Einstein, Albert},
%   journal={Annalen der physik},
%   volume={322},
%   number={10},
%   pages={891--921},
%   year={1905},
%   publisher={Wiley Online Library}
% }
